@string{iros="Proc. of the IEEE/RSJ International Conference on Intelligent Robots and Systems"}
@string{icra="Proc. of the IEEE International Conference on Robotics and Automation"}
@string{icar="Proc. of the International Conference on Advanced Robotics"}
@string{humanoids="Proc. IEEE/RAS International Conference on Humanoid Robots"}
@string{ijrr="International Journal of Robotics Research"}
@string{tro="IEEE Transactions on Robotics"}
@string{ral="IEEE Robotics and Automation Letters"}
@string{auro="Autonomous Robots"}
@string{ram="IEEE Robotics and Automation Magazine"}
@string{jint="Journal of Intelligent \& Robotic Systems"}

@inproceedings{Mora85,
    title={{High Resolution Maps from Wide Angle Sonar}},
    author={Moravec, H. and Elfes, A.},
    booktitle = icra,
    pages={116--121},
    year={1985}
}

@inproceedings{Zach07,
    title={Capturing robot workspace structure: representing robot capabilities},
    author={Zacharias, Franziska and Borst, Christoph and Hirzinger, Gerd},
    booktitle={Intelligent Robots and Systems, 2007. IROS 2007. IEEE/RSJ International Conference on},
    pages={3229--3236},
    year={2007},
    organization={Ieee}
}


@inproceedings{Hueb08,
    title={Minimum volume bounding box decomposition for shape approximation in robot grasping},
    author={Huebner, Kai and Ruthotto, Steffen and Kragic, Danica},
    booktitle = icra,
    pages={1628--1633},
    year={2008},
    organization={IEEE}
}

@article{Krug15,
  author = {R. Krug and T. Stoyanov and V. Tincani and H. Andreasson and R. Mosberger and G. Fantoni and A. J. Lilienthal},
  title = {The Next Step in Robot Commissioning: Autonomous Picking \& Palletizing},
  journal = ral,
  year={2016, in press},
} 

@inproceedings{Chen15,
    title={An adaptive compliant multi-finger approach-to-grasp strategy for objects with position uncertainties},
    author={Chen, Zhaopeng and Wimb{\"o}ck, Thomas and Roa, Maximo A and Pleintinger, Benedikt and Neves, Miguel and Ott, Christian and Borst, Christoph and Lii, Neal Y},
    booktitle=icra,
    pages={4911--4918},
    year={2015},
}

@INPROCEEDINGS{Kaze12, 
    AUTHOR    = {Moslem Kazemi AND Jean-Sebastien Valois AND J. Andrew Bagnell AND Nancy Pollard}, 
    TITLE     = {Robust Object Grasping using Force Compliant Motion Primitives}, 
    BOOKTITLE = {Proceedings of Robotics: Science and Systems}, 
    YEAR      = {2012}, 
    ADDRESS   = {Sydney, Australia}, 
    MONTH     = {July} 
} 

@book{Birg07,
    title={Underactuated robotic hands},
    author={Birglen, Lionel and Lalibert{\'e}, Thierry and Gosselin, Cl{\'e}ment M},
    volume={40},
    year={2007},
    publisher={Springer}
}

@inproceedings{Giro12,
    title={Adaptive synergies: an approach to the design of under-actuated robotic hands},
    author={Grioli, Giorgio and Catalano, Manuel and Silvestro, Emanuele and Tono, Simone and Bicchi, Antonio},
    booktitle=iros,
    pages={1251--1256},
    year={2012},
    organization={IEEE}
}

@article{Stoy15,
    title={No More Heavy Lifting: Robotic Solutions to the Container Unloading Problem},
    author={Stoyanov, T. and Vaskevicius, N. and M{\"u}ller, C. and others},
    journal=ram,
    year={2016, in press},
}


@inproceedings{Krug14a,
  author = {R. Krug and T. Stoyanov and M. Bonilla and V. Tincani and N. Vaskevicius and G. Fantoni and A. Birk and A. J. Lilienthal and A. Bicchi},
  title = {Velvet Fingers: Grasp Planning and Execution for an Underactuated Gripper with Active Surfaces},
  booktitle = icra,
  year = {2014},
  pages={3669--3675}
} 

@inproceedings{Krug14c,
  author = {R. Krug and T. Stoyanov and M. Bonilla and V. Tincani and N. Vaskevicius and G. Fantoni and A. Birk and A. J. Lilienthal and A. Bicchi},
  title = {Improving Grasp Robustness via In-Hand Manipulation with Active Surfaces},
  booktitle = {IEEE International Conference on Robotics and Automation - Workshop on Autonomous Grasping and Manipulation: An Open Challenge},
  year = {2014},
} 

@inproceedings{Bere07,
  author = "Berenson, D. and Diankov, R. and Nishiwaki, K. and Kagami, S. and Kuffner, J.",
  title = "Grasp Planning in Complex Scenes",
  booktitle = humanoids,
  year = "2007",
  pages={42--48}, 
}

@article{Bere11,
    author = {Berenson, Dmitry and Srinivasa, Siddhartha and Kuffner, James}, 
    title = {Task Space Regions: A framework for pose-constrained manipulation planning},
    volume = {30}, 
    number = {12}, 
    pages = {1435-1460}, 
    year = {2011}, 
    doi = {10.1177/0278364910396389}, 
    journal = {The International Journal of Robotics Research} 
}

@phdthesis{Dian10,
  author = {Diankov, R.},
  school = {Carnegie Mellon University, Robotics Institute},
  title = {Automated Construction of Robotic Manipulation Programs},
  year = {2010},
}
@article{Mill04,
  title={Graspit! a versatile simulator for robotic grasping},
  author={Miller, A. T. and Allen, P. K.},
  journal=ram,
  volume={11},
  number={4},
  pages={110--122},
  year={2004},
}

@article{Gold11,
  author = {Goldfeder, C. and Allen, P. K.},
  title = {Data-driven grasping},
  journal = auro,
  pages = {1--20},
  volume={31},
  number={1},
  year = {2011},
}

@book{LaVa06,
  author = {S. M. LaValle},
  title  = {Planning Algorithms},
  publisher = {Cambridge University Press},
  year = {2006}
}

@inproceedings{Ratl09,
  title={CHOMP: Gradient optimization techniques for efficient motion planning},
  author={Ratliff, Nathan and Zucker, Matthew and Bagnell, J Andrew and Srinivasa, Siddhartha},
  booktitle = icra,
  pages={489--494},
  year={2009},
}

@article{Srin10, 
  title={HERB: A Home Exploring Robotic Butler},
  author={Srinivasa, S. and Ferguson, D. and Helfrich, C. and Berenson, D. and Collet, A. and Diankov, R. and Gallagher, G. and Hollinger, G. and Kuffner, J. and VandeWeghe, M.},
  journal=auro,
  volume={28},
  number={1},
  pages={5--20},
  year={2010}
}

@article{Platt10,
  title={Null-space grasp control: theory and experiments},
  author={Platt, R. and Fagg, A. H. and Grupen, R. A.},
  journal=tro,
  volume={26},
  number={2},
  pages={282--295},
  year={2010}
}

@phdthesis{Platt06,
  title={Learning and generalizing control-based grasping and manipulation skills},
  author={Platt, R.},
  school = {University of Massachusetts Amherst},
  year={2006},
}

@inproceedings{Tinc12, 
  author={Tincani, V. and Catalano, M. G. and Farnioli, E. and Garabini, M. and Grioli, G. and Fantoni, G. and Bicchi, A.}, 
  booktitle = iros,
  title={Velvet fingers: A dexterous gripper with active surfaces}, 
  year={2012}, 
  pages={1257--1263}, 
}

@article{Krug14b,
  year={2014},
  journal=jint,
  title={Model Predictive Motion Control based on Generalized Dynamical Movement Primitives},
  author={Krug, Robert and Dimitrov, Dimitar},
  pages={1-19},
}

@inproceedings{Krug10,
  author = {Krug, R. and Dimitrov, D. N. and Charusta, K. and Iliev, B.},
  title = {On the Efficient Computation of Independent Contact Regions for Force Closure Grasps},
  booktitle = iros,
  year = {2010},
  pages = {586--591}
}

@article{Pas15,
    title={Using Geometry to Detect Grasps in 3D Point Clouds},
    author={Pas, Andreas ten and Platt, Robert},
    journal={arXiv preprint arXiv:1501.03100},
    year={2015}
}

@article{Pas13,
    title={Localizing Grasp Affordances in 3-D Points Clouds Using Taubin Quadric Fitting},
    author={Pas, Andreas ten and Platt, Robert},
    journal={arXiv preprint arXiv:1311.3192},
    year={2013}
}

@article{Saxe08,
    title={Robotic grasping of novel objects using vision},
    author={Saxena, Ashutosh and Driemeyer, Justin and Ng, Andrew Y},
    journal={The International Journal of Robotics Research},
    volume={27},
    number={2},
    pages={157--173},
    year={2008},
    publisher={SAGE Publications}
}

@inproceedings{Sici91,
  title={A general framework for managing multiple tasks in highly redundant robotic systems},
  author={Siciliano, Bruno and Slotine, J-JE},
  booktitle=icar,
  pages={1211--1216},
  year={1991},
  organization={IEEE}
}

@article{Kano11,
  author={Kanoun, O. and Lamiraux, F. and Wieber, P.-B.},
  journal=tro,
  title={Kinematic Control of Redundant Manipulators: Generalizing the Task-Priority Framework to Inequality Task},
  year={2011},
  volume={27},
  number={4},
  pages={785--792},
}

@article{Esca14,
  title={Hierarchical quadratic programming: Fast online humanoid-robot motion generation},
  author={Escande, Adrien and Mansard, Nicolas and Wieber, Pierre-Brice},
  journal=ijrr,
  year={2014},
}

@book{Sams91,
  title={Robot control: the task function approach},
  author={Samson, Claude and Espiau, Bernard and Borgne, Michel Le},
  year={1991},
  publisher={Oxford University Press}
}

@article{Saab13,
  title={Dynamic whole-body motion generation under rigid contacts and other unilateral constraints},
  author={Saab, Layale and Ramos, Oscar E and Keith, Fran{\c{c}}ois and Mansard, Nicolas and Soueres, Philippe and Fourquet, J},
  journal=tro,
  volume={29},
  number={2},
  pages={346--362},
  year={2013},
}

@article{Sent10,
  title={Compliant control of multicontact and center-of-mass behaviors in humanoid robots},
  author={Sentis, Luis and Park, Jaeheung and Khatib, Oussama},
  journal=tro,
  volume={26},
  number={3},
  pages={483--501},
  year={2010},
}
@inproceedings{Andr15,
  title={Fast, Continuous State Path Smoothing to Improve Navigation Accuracy},
  author={Andreasson, H. and Saarinen, J. and Cirillo, M. and Stoyanov, T. and A. J. Lilienthal},
  year = {2015, to appear},
  booktitle=icra,
}

@misc{Guro15,
 author = "Gurobi Optimization, Inc.",
 title = "Gurobi Optimizer Reference Manual",
 year = 2015,
 url = "http://www.gurobi.com"
}

@inproceedings{Tass12,
  title={Synthesis and Stabilization of Complex Behaviors through Online Trajectory Optimization},
  author={Tassa, Yuval and Erez, Tom and Todorov, Emanuel},
  booktitle=iros,
  pages={4906--4913},
  year={2012}
}

@inproceedings{Kuma13,
  title={Fast, strong and compliant pneumatic actuation for dexterous tendon-driven hands},
  author={Kumar, Vikash and Xu, Zhe and Todorov, Emanuel},
  booktitle=icra,
  pages={1512--1519},
  year={2013},
}

@inproceedings{Gien06,
  title={Exploiting task intervals for whole body robot control},
  author={Gienger, Michael and Janben, H and Goerick, Christian},
  booktitle=iros,
  pages={2484--2490},
  year={2006},
}

@inproceedings{Quig09,
  title={{ROS:} an open-source Robot Operating System},
  author={Quigley, Morgan and Conley, Ken and Gerkey, Brian and Faust, Josh and Foote, Tully and Leibs, Jeremy and Wheeler, Rob and Ng, Andrew Y},
  booktitle={IEEE International Conference on Robotics and Automation - Workshop on open source software},
  volume={3},
  number={3.2},
  pages={5},
  year={2009}
}

@phdthesis{Kano09,
  author = {Oussama Kanoun},
  title = {Contribution \`{a} la planification de mouvement pour robots humano\"{i}des},
  school = {l'{Universit\'{e}} {Toulouse} {III} - {Paul} {Sabatier}},
  year = {2009},
}

@inproceedings{Gien08a,
  title={Task maps in humanoid robot manipulation},
  author={Gienger, Michael and Toussaint, Marc and Goerick, Christian},
  booktitle=iros,
  pages={2758--2764},
  year={2008},
}

@inproceedings{Gien08b,
  title={Optimization of fluent approach and grasp motions},
  author={Gienger, Michael and Toussaint, Marc and Jetchev, Nikolay and Bendig, Achim and Goerick, Christian},
  booktitle=humanoids,
  pages={111--117},
  year={2008},

}

@inproceedings{Vahr10,
  title={Integrated grasp and motion planning},
  author={Vahrenkamp, Niko and Do, Martin and Asfour, Tamim and Dillmann, R{\"u}diger},
  booktitle=icra,
  pages={2883--2888},
  year={2010},
}

@article{Bohg14,
  title={{Data-driven grasp synthesis --- a survey}},
  author={Bohg, Jeannette and Morales, Antonio and Asfour, Tamim and Kragic, Danica},
  journal=tro,
  volume={30},
  number={2},
  pages={289--309},
  year={2014}
}

@article{Bala12,
  author={Balasubramanian, R. and Ling Xu and Brook, P.D. and Smith, J.R. and Matsuoka, Y.}, 
  journal=tro,
  title={Physical Human Interactive Guidance: Identifying Grasping Principles From Human-Planned Grasps}, 
  volume={28}, 
  number={4}, 
  pages={899--910}, 
  year={2012}
}

@inproceedings{Cane13a,
  author = {Canelhas, Daniel R. and Stoyanov, Todor and Lilienthal, Achim J.},
  booktitle = {IROS},
  pages = {3671-3676},
  publisher = {IEEE},
  title = {SDF Tracker: A parallel algorithm for on-line pose estimation and scene reconstruction from depth images.},
  year = 2013
}

@inproceedings{Cane13b,
    title={Improved local shape feature stability through dense model tracking},
    author={Canelhas, Daniel R and Stoyanov, Todor and Lilienthal, Achim J},
    booktitle={{Intelligent Robots and Systems (IROS), 2013 IEEE/RSJ International Conference on}},
    pages={3203--3209},
    year={2013},
    organization={IEEE}
}

@article{Odhn14,
  title={A compliant, underactuated hand for robust manipulation},
  author={Odhner, Lael U and Jentoft, Leif P and Claffee, Mark R and Corson, Nicholas and Tenzer, Yaroslav and Ma, Raymond R and Buehler, Martin and Kohout, Robert and Howe, Robert D and Dollar, Aaron M},
  journal=ijrr,
  volume={33},
  number={5},
  pages={736--752},
  year={2014},
}

@inproceedings{Wimb06,
  title={Passivity-based object-level impedance control for a multifingered hand},
  author={Wimb{\"o}ck, Thomas and Ott, Christian and Hirzinger, Gerhard},
  booktitle=iros,
  pages={4621--4627},
  year={2006},
}

@inproceedings{Mans09,
  title={A versatile generalized inverted kinematics implementation for collaborative working humanoid robots: The stack of tasks},
  author={Mansard, Nicolas and Stasse, Olivier and Evrard, Paul and Kheddar, Abderrahmane},
  booktitle=icar,
  pages={1--6},
  year={2009},
}

@article{Cioc09,
  title={Hand posture subspaces for dexterous robotic grasping},
  author={Ciocarlie, Matei T and Allen, Peter K},
  journal=ijrr,
  volume={28},
  number={7},
  pages={851--867},
  year={2009},
}

@article{Righ14,
  title={An autonomous manipulation system based on force control and optimization},
  author={Righetti, Ludovic and Kalakrishnan, Mrinal and Pastor, Peter and Binney, Jonathan and Kelly, Jonathan and Voorhies, Randolph C and Sukhatme, Gaurav S and Schaal, Stefan},
  journal=auro,
  volume={36},
  number={1-2},
  pages={11--30},
  year={2014},
}

@article{Corr16,
  title={Lessons from the Amazon Picking Challenge},
  author={Correll, Nikolaus and Bekris, Kostas E and Berenson, Dmitry and Brock, Oliver and Causo, Albert and Hauser, Kris and Okada, Kei and Rodriguez, Alberto and Romano, Joseph M and Wurman, Peter R},
  journal={arXiv preprint arXiv:1601.05484},
  year={2016}
}

@article{Zuck13,
  title={Chomp: Covariant hamiltonian optimization for motion planning},
  author={Zucker, Matt and Ratliff, Nathan and Dragan, Anca D and Pivtoraiko, Mihail and Klingensmith, Matthew and Dellin, Christopher M and Bagnell, J Andrew and Srinivasa, Siddhartha S},
  journal=ijrr,
  volume={32},
  number={9-10},
  pages={1164--1193},
  year={2013},
}